
@article{ceo2_band_gap,
	title = {Band gap engineering, electronic state and local atomic structure of {Ni} doped {CeO2} nanoparticles},
	volume = {30},
	issn = {0957-4522, 1573-482X},
	url = {http://link.springer.com/10.1007/s10854-019-00746-x},
	doi = {10.1007/s10854-019-00746-x},
	language = {en},
	number = {5},
	urldate = {2025-02-23},
	journal = {Journal of Materials Science: Materials in Electronics},
	author = {Kumari, Kavita and Aljawfi, Rezq Naji and Vij, Ankush and Chae, K. H. and Hashim, Mohd. and Alvi, P. A. and Kumar, Shalendra},
	month = mar,
	year = {2019},
	pages = {4562--4571},
}
